@inproceedings{tonneauijrr16,
  author    = {Steve Tonneau and Andrea Del Prete and Julien Pettr\'e and Chonhyon Park and Dinesh Manocha and Nicolas Mansard},
  title     = {An efficient acyclic contact planner for multiped robots},
  journal = {Submitted to The Int. Journal of Robot. Research (IJRR)},
  year      = {2016},
}
@inproceedings{770022,
author={LaValle, S.M. and Kuffner, J.J., Jr.},
booktitle={Proc. of IEEE Int. Conf. on Robot. and Auto (ICRA)},
title={Randomized kinodynamic planning},
address={Detroit, Michigan, USA},
year={1999},
volume={1},
pages={473-479 vol.1},
keywords={path planning;random processes;robot dynamics;state-space methods;trees (mathematics);artificial satellites;configuration space;hovercrafts;kinodynamic planning;nonholonomic planning;obstacle avoidance;random trees;randomized path planning;state-space;Computer science;Kinematics;Mobile robots;Orbital robotics;Path planning;Space exploration;State-space methods;Trajectory;Vehicle dynamics;Velocity control},
ISSN={1050-4729},
month={},}
@inproceedings{Bouyarmane2009,
  author = {Karim Bouyarmane and Adrien Escande and Florent Lamiraux and Abderrahmane Kheddar},
  title = {Potential field guide for humanoid multicontacts acyclic motion planning},
  booktitle = {Proc. of IEEE Int. Conf. on Robot. and Auto (ICRA)},
  year = {2009},
  address = {Kobe, Japan},
  pages = {1165 - 1170},
 }
@inproceedings{DBLP:conf/iser/EscandeKMG08,
author = {Escande, Adrien and Kheddar, Abderrahmane and Miossec, Sylvain and Garsault, Sylvain},
booktitle = {ISER},
editor = {Khatib, Oussama and Kumar, Vijay and Pappas, George J},
file = {:C$\backslash$:/Users/stonneau/AppData/Local/Mendeley Ltd/Mendeley Desktop/Downloaded/ISER08\_Escande.pdf:pdf},
pages = {293--302},
publisher = {Springer},
series = {Springer Tracts in Advanced Robot.},
title = {{Planning Support Contact-Points for Acyclic Motions and Experiments on HRP-2}},
volume = {54},
year = {2008}
}
@article{Bretl:2006:MPM:1124573.1124585,
 author = {Bretl, Timothy},
 title = {Motion Planning of Multi-Limbed Robots Subject to Equilibrium Constraints: The Free-Climbing Robot Problem},
 journal = {The Int. Journal of Robot. Research (IJRR)},
 issue_date = {April     2006},
 volume = {25},
 number = {4},
 month = apr,
 year = {2006},
 issn = {0278-3649},
 pages = {317--342},
 numpages = {26},
 publisher = {Sage Publications, Inc.},
 address = {Thousand Oaks, CA, USA},
 keywords = {climbing robots, closed kinematic chains, equilibrium constraints, free-climbing, motion planning, probabilistic roadmaps},
} 
@article{Albu-Schaffer2007,
author = {Albu-Sch{\"{a}}ffer, Alin and Haddadin, Sami and Ott, Christian and Stemmer, A. and Wimb{\"{o}}ck, T. and Hirzinger, Gerd},
doi = {10.1108/01439910710774386},
file = {:Users/adelpret/Documents/Mendeley Desktop/Albu-Sch{\"{a}}ffer et al/2007/Albu-Sch{\"{a}}ffer et al. - 2007 - The DLR lightweight robot design and control concepts for robots in human environments.pdf:pdf},
issn = {0143-991X},
journal = {Industrial Robot: An International Journal},
number = {5},
pages = {376--385},
title = {{The DLR lightweight robot: design and control concepts for robots in human environments}},
url = {http://www.emeraldinsight.com/10.1108/01439910710774386},
volume = {34},
year = {2007}
}
@article{Bemporad1999,
author = {Bemporad, Alberto and Morari, Manfred},
file = {:Users/adelpret/Documents/Mendeley Desktop/Bemporad, Morari/1999/Bemporad, Morari - 1999 - Robust Model Predictive Control A Survey.pdf:pdf},
journal = {Robustness in identification and control},
pages = {207--226},
title = {{Robust Model Predictive Control : A Survey}},
year = {1999}
}
@article{Boaventura2012b,
author = {Boaventura, Thiago and Semini, Claudio and Buchli, Jonas and Frigerio, Marco and Focchi, Michele and Caldwell, Darwin G.},
doi = {10.1109/ICRA.2012.6224628},
file = {:Users/adelpret/Documents/Mendeley Desktop/Boaventura et al/2012/Boaventura et al. - 2012 - Dynamic torque control of a hydraulic quadruped robot.pdf:pdf},
isbn = {978-1-4673-1405-3},
journal = {2012 IEEE International Conference on Robotics and Automation},
month = {may},
pages = {1889--1894},
publisher = {Ieee},
title = {{Dynamic torque control of a hydraulic quadruped robot}},
url = {http://ieeexplore.ieee.org/lpdocs/epic03/wrapper.htm?arnumber=6224628},
year = {2012}
}
@inproceedings{Brasseur2015,
author = {Brasseur, Camille and Sherikov, Alexander and Collette, Cyrille and Dimitrov, Dimitar and Wieber, Pierre-brice},
booktitle = {Humanoid Robots (Humanoids), 2015 15th IEEE-RAS International Conference on},
file = {:Users/adelpret/Documents/Mendeley Desktop/Brasseur et al/2015/Brasseur et al. - 2015 - A Robust Linear MPC Approach to Online Generation of 3D Biped Walking Motion.pdf:pdf},
title = {{A Robust Linear MPC Approach to Online Generation of 3D Biped Walking Motion}},
year = {2015}
}
@article{DelPrete2015b,
author = {{Del Prete}, Andrea and Mansard, Nicolas},
file = {:Users/adelpret/Documents/Mendeley Desktop/Del Prete, Mansard/2015/Del Prete, Mansard - 2015 - Robustness to Joint-Torque Tracking Errors in Task-Space Inverse Dynamics.pdf:pdf},
journal = {IEEE Transaction on Robotics (under review)},
title = {{Robustness to Joint-Torque Tracking Errors in Task-Space Inverse Dynamics}},
url = {https://hal.archives-ouvertes.fr/hal-01241974/document},
year = {2015}
}
@article{DelPrete2015a,
author = {{Del Prete}, Andrea and Mansard, Nicolas and Ramos, Oscar E. and Stasse, Olivier and Nori, Francesco},
doi = {10.1142/S0219843615500449},
file = {:Users/adelpret/Documents/Mendeley Desktop/Del Prete et al/2016/Del Prete et al. - 2016 - Implementing Torque Control with High-Ratio Gear Boxes and without Joint-Torque Sensors.pdf:pdf},
journal = {International Journal of Humanoid Robotics},
number = {01},
title = {{Implementing Torque Control with High-Ratio Gear Boxes and without Joint-Torque Sensors}},
url = {https://hal.archives-ouvertes.fr/hal-01136936/document},
volume = {13},
year = {2016}
}
@article{Diehl2009a,
author = {Diehl, Mortiz and Mombaur, Katja and Noll, Dominikus},
doi = {10.1109/TAC.2009.2020669},
file = {:Users/adelpret/Documents/Mendeley Desktop/Diehl, Mombaur, Noll/2009/Diehl, Mombaur, Noll - 2009 - Stability optimization of hybrid periodic systems via a smooth criterion.pdf:pdf},
issn = {00189286},
journal = {IEEE Transactions on Automatic Control},
keywords = {Eigenvalue optimization,Lyapunov equation,Periodic orbits,Robotic motion,Robustness,Smoothed spectral radius,Stability},
number = {8},
pages = {1875--1880},
title = {{Stability optimization of hybrid periodic systems via a smooth criterion}},
volume = {54},
year = {2009}
}
@inproceedings{Koenemann2015,
author = {Koenemann, Jonas and {Del Prete}, Andrea and Tassa, Yuval and Todorov, Emanuel and Stasse, Olivier and Bennewitz, Maren and Mansard, Nicolas},
booktitle = {Intelligent Robots and Systems (IROS 2015), IEEE International Conference on},
file = {:Users/adelpret/Documents/Mendeley Desktop/Koenemann et al/2015/Koenemann et al. - 2015 - Whole-body Model-Predictive Control applied to the HRP-2 Humanoid.pdf:pdf},
title = {{Whole-body Model-Predictive Control applied to the HRP-2 Humanoid}},
url = {https://hal.archives-ouvertes.fr/hal-01137021/document},
year = {2015}
}
@inproceedings{Luo,
author = {Luo, Jingru and Hauser, Kris},
booktitle = {Robotics, Science and Systems (RSS)},
file = {:Users/adelpret/Documents/Mendeley Desktop/Luo, Hauser/2015/Luo, Hauser - 2015 - Robust Trajectory Optimization Under Frictional Contact with Iterative Learning.pdf:pdf},
title = {{Robust Trajectory Optimization Under Frictional Contact with Iterative Learning}},
year = {2015}
}
@inproceedings{Mordatch2015,
author = {Mordatch, Igor and Lowrey, Kendall and Todorov, Emanuel},
booktitle = {Robotics and Automation (ICRA), IEEE International Conference on},
file = {:Users/adelpret/Documents/Mendeley Desktop/Mordatch, Lowrey, Todorov/2015/Mordatch, Lowrey, Todorov - 2015 - Ensemble-CIO Full-Body Dynamic Motion Planning that Transfers to Physical Humanoids.pdf:pdf},
title = {{Ensemble-CIO : Full-Body Dynamic Motion Planning that Transfers to Physical Humanoids}},
year = {2015}
}
@inproceedings{Nguyen,
annote = {Consider bounded uncertainties on the linearized system dynamics (through feedback linearization), but it doesn't say how these bounds can be computed.},
author = {Nguyen, Quan and Sreenath, Koushil},
booktitle = {Robotics, Science and Systems (RSS)},
file = {:Users/adelpret/Documents/Mendeley Desktop/Nguyen, Sreenath/2015/Nguyen, Sreenath - 2015 - Optimal Robust Control for Bipedal Robots through Control Lyapunov Function based Quadratic Programs.pdf:pdf},
title = {{Optimal Robust Control for Bipedal Robots through Control Lyapunov Function based Quadratic Programs}},
year = {2015}
}
@inproceedings{Todorov,
author = {Todorov, Emanuel and Erez, Tom and Tassa, Yuval},
booktitle = {Intelligent Robots and Systems (IROS), IEEE/RSJ International Conference on},
file = {:Users/adelpret/Documents/Mendeley Desktop/Todorov, Erez, Tassa/2012/Todorov, Erez, Tassa - 2012 - MuJoCo A physics engine for model-based control.pdf:pdf},
title = {{MuJoCo: A physics engine for model-based control}},
url = {https://dada.cs.washington.edu/homes/todorov/papers/MuJoCo.pdf http://ieeexplore.ieee.org/xpls/abs{\_}all.jsp?arnumber=6386109},
year = {2012}
}
